@Article{Jacobson1999Towards,
    author = {Van Jacobson},
    title = {Towards the analysis of MMO RPG},
    journal = {journal of ubiquitous information},
    Month = jun,
    Year = 1999,
    Volume = 6,
    Pages = {75--83},
}

@InProceedings{Brooks1997Methodology,
    author = {Frederick P. Brooks and John whatever and Crhistos Papi},
    title = {A methodology for the study of the Location-identity split},
    booktitle = {Proceedings of OOPSLA},
    Month = jun,
    Year = 1997,

}

