
@inproceedings{10506153,
  author={Suárez, Santiago and Pereyra, Diego and de Souza, Juan Pablo and Musé, Pablo and Oliver, Juan Pablo and Monzón, Pablo},
  booktitle={2024 IEEE 15th Latin America Symposium on Circuits and Systems (LASCAS)}, 
  title={\textbf{PicassoBotZ, a Robotic Artist with Human-Like Drawing Execution}}, 
  year={2024},
  volume={},
  number={},
  pages={1-5},
  keywords={Art;Circuits and systems;Image processing;Data preprocessing;Systems architecture;Manipulators;Servomotors;Art and technology;Robotic arm;Artificial intelligence;Cyber-physical systems},
  doi={10.1109/LASCAS60203.2024.10506153}}



@inproceedings{9647236,
  author={Stolovas, Ilana and Suárez, Santiago and Pereyra, Diego and De Izaguirre, Francisco and Cabrera, Varinia},
  booktitle={2021 IEEE URUCON}, 
  title={\textbf{Human activity recognition using machine learning techniques in a low-resource embedded system}}, 
  year={2021},
  volume={},
  number={},
  pages={263-267},
  doi={10.1109/URUCON53396.2021.9647236}
}

@proceedings{DPS22,
  author="de Souza, Juan Pablo and Pereyra, Diego and Su\'{a}rez, Santiago",
  booktitle="PicassoBotZ : Un brazo rob\'{o}tico que realiza retratos",
  school="Universidad de la Rep\'{u}blica (Uruguay). Facultad de Ingenier\'{\i}a. IIE",
  month="may",
  year="2022",
  url="https://iie.fing.edu.uy//publicaciones/2022/DPS22"
}




@Book{Conway2000,
author = {Damian Conway},
title = {Object {O}riented {P}erl: {A} comprehensive guide to concepts and programming techniques},
publisher = {Manning Publications Co.},
year = {2000},
address = {Connecticut, USA}
}
